<?xml version="1.0" encoding="UTF-8"?><record xmlns="http://www.loc.gov/MARC21/slim" xmlns:cinclude="http://apache.org/cocoon/include/1.0" xmlns:zs="http://www.loc.gov/zing/srw/">
  <leader>01074cz  a2200169n  4500</leader>
  <controlfield tag="001">nr2001023063</controlfield>
  <controlfield tag="003">DLC</controlfield>
  <controlfield tag="005">20130320094621.0</controlfield>
  <controlfield tag="008">010613n| azannaabn          |a aaa     c</controlfield>
  <datafield tag="010" ind1=" " ind2=" ">
    <subfield code="a">nr2001023063</subfield>
  </datafield>
  <datafield tag="040" ind1=" " ind2=" ">
    <subfield code="a">MWA</subfield>
    <subfield code="b">eng</subfield>
    <subfield code="e">rda</subfield>
    <subfield code="c">CtWfDGI</subfield>
    <subfield code="d">DLC</subfield>
  </datafield>
  <datafield tag="046" ind1=" " ind2=" ">
    <subfield code="f">1814</subfield>
  </datafield>
  <datafield tag="100" ind1="1" ind2=" ">
    <subfield code="a">Schley, George,</subfield>
    <subfield code="d">1814-</subfield>
  </datafield>
  <datafield tag="400" ind1="1" ind2=" ">
    <subfield code="w">nnea</subfield>
    <subfield code="a">Schley, George,</subfield>
    <subfield code="d">b. 1814</subfield>
  </datafield>
  <datafield tag="400" ind1="1" ind2=" ">
    <subfield code="a">Schley,</subfield>
    <subfield code="c">Mr.</subfield>
    <subfield code="q">(George),</subfield>
    <subfield code="d">1814-</subfield>
  </datafield>
  <datafield tag="670" ind1=" " ind2=" ">
    <subfield code="a">Beckenbaugh, G. Mr. Schley. Memorial of George Beckenbaugh, claiming a seat in the House of Delegates of Maryland, 1839.</subfield>
  </datafield>
  <datafield tag="670" ind1=" " ind2=" ">
    <subfield code="a">Williams, T.J.C. A history of Washington County, Maryland, 1968:</subfield>
    <subfield code="b">p. 412, etc. (Col. George Schley; member of the bar of Hagarstown; 1867 declines nomination for judgeship; son of Frederick A. Schley and Eliza A. McCannon; b. Frederick 1814; educated at Yale and U. Va; admitted to bar 1836; legislature from Frederick Co. 1838; moved to Hagarstown 1839; member of Constitutional Convention in 1850; state senator 1854 and 1856; m. Sophia Hall 1839; 1 year edu. at Yale; grad U. Virginia 1833; 1873 elected president of the First National Bank)</subfield>
  </datafield>
</record>